<record><leader>00000cas a2200000 a 4500</leader><controlfield tag="001">22199276</controlfield><controlfield tag="008">900809d19701973iluwr ne      0    0eng c</controlfield><datafield ind1=" " ind2=" " tag="010"><subfield code="a">sn 90054622 </subfield></datafield><datafield ind1=" " ind2=" " tag="040"><subfield code="a">NVF</subfield><subfield code="b">eng</subfield><subfield code="c">NVF</subfield><subfield code="d">NVF</subfield><subfield code="d">OCLCQ</subfield><subfield code="d">OCLCF</subfield><subfield code="d">OCLCO</subfield></datafield><datafield ind1="1" ind2=" " tag="029"><subfield code="a">AU@</subfield><subfield code="b">000020631850</subfield></datafield><datafield ind1=" " ind2=" " tag="042"><subfield code="a">pcc</subfield></datafield><datafield ind1=" " ind2=" " tag="043"><subfield code="a">n-us-il</subfield></datafield><datafield ind1="0" ind2=" " tag="130"><subfield code="a">Tazewell County reporter (Washington, Ill. : 1970)</subfield></datafield><datafield ind1="1" ind2="0" tag="245"><subfield code="a">Tazewell County reporter.</subfield></datafield><datafield ind1=" " ind2=" " tag="260"><subfield code="a">Washington, Ill. :</subfield><subfield code="b">Tazewell Pub. Co.,</subfield><subfield code="c">1970-1973.</subfield></datafield><datafield ind1=" " ind2=" " tag="300"><subfield code="a">v.</subfield></datafield><datafield ind1=" " ind2=" " tag="310"><subfield code="a">Weekly</subfield></datafield><datafield ind1="0" ind2=" " tag="362"><subfield code="a">Vol. 30, no. 30 (July 23, 1970)-v. 33, no. 44 (Nov. 1, 1973).</subfield></datafield><datafield ind1=" " ind2="0" tag="651"><subfield code="a">Washington (Ill.)</subfield><subfield code="v">Newspapers.</subfield></datafield><datafield ind1=" " ind2="0" tag="651"><subfield code="a">Tazewell County (Ill.)</subfield><subfield code="v">Newspapers.</subfield></datafield><datafield ind1=" " ind2="7" tag="655"><subfield code="a">Newspapers.</subfield><subfield code="2">fast</subfield><subfield code="0">(OCoLC)fst01423814</subfield></datafield><datafield ind1=" " ind2="7" tag="651"><subfield code="a">Illinois</subfield><subfield code="z">Tazewell County.</subfield><subfield code="2">fast</subfield><subfield code="0">(OCoLC)fst01206780</subfield></datafield><datafield ind1=" " ind2="7" tag="651"><subfield code="a">Illinois</subfield><subfield code="z">Washington.</subfield><subfield code="2">fast</subfield><subfield code="0">(OCoLC)fst01250148</subfield></datafield><datafield ind1=" " ind2=" " tag="752"><subfield code="a">United States</subfield><subfield code="b">Illinois</subfield><subfield code="c">Tazewell</subfield><subfield code="d">Washington.</subfield></datafield><datafield ind1="0" ind2="0" tag="780"><subfield code="t">Tazewell County reporter and Washington post and news (Washington, Ill. : 1928)</subfield><subfield code="w">(DLC)sn 90054617</subfield><subfield code="w">(OCoLC)22199198</subfield></datafield><datafield ind1="0" ind2="0" tag="785"><subfield code="t">Tazewell reporter (Washington, Ill.)</subfield><subfield code="w">(DLC)sn 90054627</subfield><subfield code="w">(OCoLC)22199319</subfield></datafield></record>